<?xml version="1.0" encoding="UTF-8"?><collection><record><leader>11429ntm a2201117 a 4500</leader><controlfield tag="001">006814659</controlfield><controlfield tag="003">MiAaHDL</controlfield><controlfield tag="005">20190815000000.0</controlfield><controlfield tag="006">m        d        </controlfield><controlfield tag="007">cr bn ---auaua</controlfield><controlfield tag="008">090609m15971844xx            00| ||ara d</controlfield><datafield tag="035" ind1=" " ind2=" "><subfield code="a">(MiU)006814659</subfield></datafield><datafield tag="035" ind1=" " ind2=" "><subfield code="a">sdr-miu006814659</subfield></datafield><datafield tag="040" ind1=" " ind2=" "><subfield code="a">MiU</subfield><subfield code="c">MiU</subfield><subfield code="e">amremm</subfield></datafield><datafield tag="041" ind1="0" ind2=" "><subfield code="a">ara</subfield><subfield code="a">ota</subfield><subfield code="a">per</subfield></datafield><datafield tag="043" ind1=" " ind2=" "><subfield code="a">n-us-mi</subfield></datafield><datafield tag="245" ind1="0" ind2="0"><subfield code="6">880-03</subfield><subfield code="a">Hutut-ı mütenevvia-yı İslamiye albümü,</subfield><subfield code="f">[1006 to 1259, i.e. 1597 to 1844].</subfield></datafield><datafield tag="246" ind1="3" ind2=" "><subfield code="a">Hutût-ı Mütenevvia-ı İslâmiye Albümü</subfield></datafield><datafield tag="260" ind1=" " ind2=" "><subfield code="c">[1597-1844].</subfield></datafield><datafield tag="300" ind1=" " ind2=" "><subfield code="a">21 panels :</subfield><subfield code="b">paper ;</subfield><subfield code="c">325 x 395 mm. bound to 335 x 420 mm.</subfield></datafield><datafield tag="500" ind1=" " ind2=" "><subfield code="a">Shelfmark: Ann Arbor, University of Michigan, Special Collections Library, Isl. Ms. 440</subfield></datafield><datafield tag="500" ind1=" " ind2=" "><subfield code="a">Origin: Dates in dated pieces range from 1006 [1597 or 8] to 1252 [1843 or 4]. Some pieces possibly earlier. Binding late 19th or early 20th century, likely produced in Yıldız Palace workshop and certainly not earlier than 1882 when the arma was finalized by Sultan Abdülhamit II.</subfield></datafield><datafield tag="500" ind1=" " ind2=" "><subfield code="a">Former shelfmark: "208" inscribed in pencil on opening panel.</subfield></datafield><datafield tag="500" ind1=" " ind2=" "><subfield code="a">Binding: Heavy boards covered in red leather ; Western style binding ; interior of boards (and facing panels) lined with white, textured paper (satin-like pattern) ; upper and lower covers carry central panel gold-stamped with the Ottoman arms (upper cover) or crescent and star (lower cover) at center, outlined in gold-tooled stars and bordered in gold-stamped (with olive green leather onlays) decorative panels in vegetal designs with crescents gold-stamped on olive green leather onlays at the four corners ; board edges heavily beveled and gold-tooled ; edges of panels gold-painted ; sewn in heavy pink cord ; overall in fairly good condition with minor abrasion, lifting and losses of onlays, etc.</subfield></datafield><datafield tag="500" ind1=" " ind2=" "><subfield code="a">Support: Calligraphic pieces on assorted laid papers, well-burnished ; some decorative papers, tinted, marbled or silhouette ; each mounted in heavy pasteboards (panels) covered in dark green coated and textured paper (resembling reptile hide) with edges gold-painted.</subfield></datafield><datafield tag="500" ind1=" " ind2=" "><subfield code="a">Decoration: Varies by piece ; use of gold and colored pigments in frames, decorative borders, textual dividers and accents (mainly rosettes).</subfield></datafield><datafield tag="500" ind1=" " ind2=" "><subfield code="a">Script: Naskh (nesih), thuluth (sülüs), tawqīʻ (tevki'), and nastaʻlīq (talik), varying by piece ; superb Ottoman and Persian calligraphic hands.</subfield></datafield><datafield tag="500" ind1=" " ind2=" "><subfield code="a">Layout: Varies greatly by piece.</subfield></datafield><datafield tag="500" ind1=" " ind2=" "><subfield code="a">Collation: Twenty-one heavy panels (pasteboards) attached via red cloth stubs (supported by further board).</subfield></datafield><datafield tag="500" ind1=" " ind2=" "><subfield code="a">Title from upper cover.</subfield></datafield><datafield tag="500" ind1=" " ind2=" "><subfield code="a">Ms. codex.</subfield></datafield><datafield tag="505" ind1="0" ind2=" "><subfield code="a">42. fol.21b : [blank].</subfield></datafield><datafield tag="505" ind1="0" ind2=" "><subfield code="a">41. fol.21a : piece in divani signed by the calligrapher Mehmet Recai (كتبه الحاج محمد رجائى رئيس الكتاب سابقا) and dated 1186 [1772 or 3].</subfield></datafield><datafield tag="505" ind1="0" ind2=" "><subfield code="a">40. fol.20b : unsigned piece in thuluth and naskh, undated.</subfield></datafield><datafield tag="505" ind1="0" ind2=" "><subfield code="a">39. fol.20a : unsigned piece in thuluth and naskh, undated (with area left unfilled, perhaps for colophon or icazet text).</subfield></datafield><datafield tag="505" ind1="0" ind2=" "><subfield code="a">38. fol.19b : unsigned piece in thuluth and naskh, undated.</subfield></datafield><datafield tag="505" ind1="0" ind2=" "><subfield code="a">37. fol.19a : unsigned piece in thuluth and naskh, undated.</subfield></datafield><datafield tag="505" ind1="0" ind2=" "><subfield code="a">36. fol.18b : unsigned piece in thuluth and naskh, undated.</subfield></datafield><datafield tag="505" ind1="0" ind2=" "><subfield code="a">35. fol.18a : unsigned piece in thuluth and naskh, undated.</subfield></datafield><datafield tag="505" ind1="0" ind2=" "><subfield code="a">34. fol.17b : piece in nastaʻlīq signed by the calligrapher Ḥusayn ʻAlī (العبد حسين على كاتب) and undated (set in a border of silhouette paper with floral motifs).</subfield></datafield><datafield tag="505" ind1="0" ind2=" "><subfield code="a">33. fol.17a : piece in nastaʻlīq signed by the calligrapher Ḥusayn ʻAlī (العبد حسين على كاتب) and undated (set in a border of silhouette paper with animal motifs).</subfield></datafield><datafield tag="505" ind1="0" ind2=" "><subfield code="a">32. fol.16b : unsigned piece in nastaʻlīq, undated (set in border of silhouette paper with bird motifs).</subfield></datafield><datafield tag="505" ind1="0" ind2=" "><subfield code="a">31. fol.16a : piece in nastaʻlīq signed by the calligrapher Aḥmad al-Ḥusaynī (كتبه المذنب احمد الحسينى) and undated (set in border of silhouette paper with bird motifs).</subfield></datafield><datafield tag="505" ind1="0" ind2=" "><subfield code="a">30. fol.15b : unsigned piece in thuluth and naskh, undated.</subfield></datafield><datafield tag="505" ind1="0" ind2=" "><subfield code="a">29. fol.15a : piece in nastaʻlīq (talik) signed by the calligrapher Yesari Mehmet Esad Efendi (d.1798) (الفقير محمد اسعد اليسارى) and undated.</subfield></datafield><datafield tag="505" ind1="0" ind2=" "><subfield code="a">28. fol.14b : piece in thuluth and naskh signed by the calligrapher Hafız Ahmet (مشقه المذنب الخاظئ السيد حافظ احمد المعروف بتوفيقى) and dated 1196 [1781 or 2].</subfield></datafield><datafield tag="505" ind1="0" ind2=" "><subfield code="a">27. fol.14a : piece in thuluth and naskh signed by the calligrapher “جزائري” and dated 1107 [1692 or 3].</subfield></datafield><datafield tag="505" ind1="0" ind2=" "><subfield code="a">26. fol.13b : unsigned piece in naskh, undated.</subfield></datafield><datafield tag="505" ind1="0" ind2=" "><subfield code="a">25. fol.13a : unsigned piece in thuluth and naskh (opening of müfredat exercises), undated.</subfield></datafield><datafield tag="505" ind1="0" ind2=" "><subfield code="a">24. fol.12b : piece in nastaʻlīq (talik) signed by the calligrapher Mehmet Kasim (محمد قاسم) and undated.</subfield></datafield><datafield tag="505" ind1="0" ind2=" "><subfield code="a">23. fol.12a : piece in thuluth and naskh signed by the calligrapher Mehmet Şevki Efendi (d.1887) (كتبه العبد الضعيف السيد محمد شوقى) and undated.</subfield></datafield><datafield tag="505" ind1="0" ind2=" "><subfield code="a">22. fol.11b : piece in thuluth and naskh signed by the calligrapher İmamzade [possibly Eğrikapılı Mehmet Râsim Efendi (d.1756) who early in his career signed İmamzade] (كتبه امام زاده) and undated.</subfield></datafield><datafield tag="505" ind1="0" ind2=" "><subfield code="a">21. fol.11a : unsigned piece in thuluth and naskh, undated (likely accompanying piece on fol.11b).</subfield></datafield><datafield tag="505" ind1="0" ind2=" "><subfield code="a">20. fol.10b : unsigned piece in thuluth and naskh, undated.</subfield></datafield><datafield tag="505" ind1="0" ind2=" "><subfield code="a">19. fol.10a : unsigned piece in nastaʻlīq, undated (set in border of silhouette paper with floral motifs).</subfield></datafield><datafield tag="505" ind1="0" ind2=" "><subfield code="a">18. fol.9b : unsigned piece in nastaʻlīq, undated (set in border of silhouette paper with floral motifs).</subfield></datafield><datafield tag="505" ind1="0" ind2=" "><subfield code="a">17. fol.9a : unsigned piece in nastaʻlīq, undated (set in border of silhouette paper with dragon motifs).</subfield></datafield><datafield tag="505" ind1="0" ind2=" "><subfield code="a">16. fol.8b : piece in thuluth and naskh approaching tawqīʻ signed by the calligrapher Hafız Osman Efendi (d.1698) (مشقه الفقير عثمان المشتهر بحافظ القرآن) and dated 1098 [1686 or 7].</subfield></datafield><datafield tag="505" ind1="0" ind2=" "><subfield code="a">15. fol.8a : unsigned piece in naskh, undated.</subfield></datafield><datafield tag="505" ind1="0" ind2=" "><subfield code="a">14. fol.7b : piece in nastaʻlīq signed by the calligrapher Muhammad (محمد) and undated.</subfield></datafield><datafield tag="505" ind1="0" ind2=" "><subfield code="a">13. fol.7a : piece in thuluth and signed by the calligrapher Afif (كتبه عفيف) [possibly İbrahim Afif, d.1767] and undated.</subfield></datafield><datafield tag="505" ind1="0" ind2=" "><subfield code="a">12. fol.6b : piece in thuluth and naskh signed by the calligrapher Salıh Namık [?] (سوده صالح نامق) and undated.</subfield></datafield><datafield tag="505" ind1="0" ind2=" "><subfield code="a">11. fol.6a : piece in thuluth and naskh with icazetname signed by the calligrapher Şekerzade Mehmet Efendi (d.1753) authorizing the student who executed the piece (اجزت لصاحب هذه القطعة الشريفة وضع الكتبة فما كتبه وانا الفقير السيد محمد المعروف بشكر زاده) and dated 1155 [1742 or 3].</subfield></datafield><datafield tag="505" ind1="0" ind2=" "><subfield code="a">10. fol.5b : piece in thuluth and naskh signed by the calligrapher Hafız Ahmet (حرره السيد حافظ احمد) and dated 1197 [1782 or 3].</subfield></datafield><datafield tag="505" ind1="0" ind2=" "><subfield code="a">9. fol.5a : unsigned piece in thuluth and naskh, undated.</subfield></datafield><datafield tag="505" ind1="0" ind2=" "><subfield code="a">8. fol.4b : unsigned frontispiece with excerpt (اول از بالای کرسی بر زمین آمد سخن او دگر ...) in thuluth at center of shamsah, undated.</subfield></datafield><datafield tag="505" ind1="0" ind2=" "><subfield code="a">7. fol.4a : unsigned piece in thuluth and naskh, undated.</subfield></datafield><datafield tag="505" ind1="0" ind2=" "><subfield code="a">6. fol.3b : piece in nastaʻlīq (talik) signed by the calligrapher Ahmet Çelebi (احمد چلبی) dated 1006 [1597 or 8].</subfield></datafield><datafield tag="505" ind1="0" ind2=" "><subfield code="a">5. fol.3a : unsigned composite piece in nastaʻlīq of different sizes, undated.</subfield></datafield><datafield tag="505" ind1="0" ind2=" "><subfield code="a">4. fol.2b : piece in thuluth and naskh signed by the calligrapher Mahmut Celalettin (Mahmud Celaleddin Efendi d.1829, نمقه الفقير محمود المعروف بجلال الدين) and undated.</subfield></datafield><datafield tag="505" ind1="0" ind2=" "><subfield code="a">3. fol.2a : piece in naskh and thuluth signed by the calligrapher Mehmet Şefik Bey (d.1879) (كتبه محمد شفيق عن خلفا الحاج مصطفى عزت) and signed 1259 [1843 or 4].</subfield></datafield><datafield tag="505" ind1="0" ind2=" "><subfield code="a">2. fol.1b : piece in nastaʻlīq (talik) signed by the calligrapher Mehmet Zeynelâbidin Haşimi (حرره المذنب محمد زين العابدين الهاشمى) and undated.</subfield></datafield><datafield tag="505" ind1="0" ind2=" "><subfield code="a">1. fol.1a : [blank].</subfield></datafield><datafield tag="510" ind1="4" ind2=" "><subfield code="a">Blair, Sheila. Islamic calligraphy. Edinburgh: Edinburgh University Press, 2006.</subfield></datafield><datafield tag="510" ind1="4" ind2=" "><subfield code="a">Bayānī, Mahdī. Aḥvāl va āsār-i khūshʹnavīsān : nastaʻlīq navīsān. [Tehran] : Dānishgāh-i Tihrān, 1345 [1966].</subfield></datafield><datafield tag="510" ind1="4" ind2=" "><subfield code="a">Rado, Şevket. Türk hattatları : XV. yüzyıldan günümüze kadar gelmiş ünlü hattatların hayatları ve yazılarından örnekler. İstanbul : Yayın Matbaacılık Ticaret Limited Şti., [1984?].</subfield></datafield><datafield tag="510" ind1="4" ind2=" "><subfield code="a">Derman, M. Uğur. Letters in gold : Ottoman calligraphy from the Sakıp Sabancı collection, Istanbul. New York : Metropolitian Museum of Art : Distributed by H.N. Abrams, c1998.</subfield></datafield><datafield tag="510" ind1="4" ind2=" "><subfield code="a">Serin, Muhittin. "Amerika Birleşik Devletleri’ndeki Bazı Kütüphanelerde Bulunan İslam El Yazma Eserleri ve Michigan Üniversitesi II. Abdülhamid Koleksiyonu." Akademik Araştırmalar Dergisi 2, 4-5, (2000).</subfield></datafield><datafield tag="510" ind1="4" ind2=" "><subfield code="a">Zakariya, Mohamed. "Islamic calligraphy: A technical overview." In Brocade of the pen: the art of Islamic writing. Carol Garrett Fisher, ed. (East Lansing, MI: Kresge Art Museum, Michigan State University, 1991):</subfield><subfield code="c">1-17</subfield></datafield><datafield tag="510" ind1="4" ind2=" "><subfield code="a">Brocade of the pen : the art of Islamic writing. Carol Garrett Fisher, ed. (East Lansing, MI: Kresge Art Museum, Michigan State University, 1991),</subfield><subfield code="c">no.3, p.83</subfield></datafield><datafield tag="520" ind1="8" ind2=" "><subfield code="a">Exquisite album of assorted calligraphic specimens (40 kıt'alar / pieces), likely assembled and bound for Sultan Abdülhamit II (r.1876-1909). Contents briefly addressed by Muhittin Serin in "Amerika Birleşik Devletleri’ndeki Bazı Kütüphanelerde Bulunan İslam El Yazma Eserleri ve Michigan Üniversitesi II. Abdülhamid Koleksiyonu." Contributions to the cataloguing from Marion Frenger, Mamoun Sakkal, and Irvin Schick.</subfield></datafield><datafield tag="538" ind1=" " ind2=" "><subfield code="a">Mode of access: Internet.</subfield></datafield><datafield tag="541" ind1=" " ind2=" "><subfield code="c">Purchase ;</subfield><subfield code="a">Acquired by purchase (funds donated by Horace Rackham).</subfield><subfield code="d">1924.</subfield></datafield><datafield tag="546" ind1=" " ind2=" "><subfield code="a">Arabic, Ottoman Turkish and Persian.</subfield></datafield><datafield tag="561" ind1=" " ind2=" "><subfield code="a">Upper cover stamped with Ottoman arms (arma / آرما ), tuğra (ṭughrā / طغرا) of Sultan Abdülhamit II visible at head.</subfield></datafield><datafield tag="650" ind1=" " ind2="0"><subfield code="a">Manuscripts, Persian</subfield><subfield code="z">Michigan</subfield><subfield code="z">Ann Arbor.</subfield></datafield><datafield tag="650" ind1=" " ind2="0"><subfield code="a">Manuscripts, Arabic</subfield><subfield code="z">Michigan</subfield><subfield code="z">Ann Arbor.</subfield></datafield><datafield tag="650" ind1=" " ind2="0"><subfield code="a">Manuscripts, Turkish</subfield><subfield code="z">Michigan</subfield><subfield code="z">Ann Arbor.</subfield></datafield><datafield tag="650" ind1=" " ind2="0"><subfield code="a">Writing, Arabic</subfield><subfield code="v">Specimens.</subfield></datafield><datafield tag="650" ind1=" " ind2="0"><subfield code="a">Islamic calligraphy</subfield><subfield code="v">Specimens.</subfield></datafield><datafield tag="650" ind1=" " ind2="0"><subfield code="a">Calligraphy, Persian</subfield><subfield code="v">Specimens.</subfield></datafield><datafield tag="650" ind1=" " ind2="0"><subfield code="a">Calligraphy, Arabic</subfield><subfield code="v">Specimens.</subfield></datafield><datafield tag="650" ind1=" " ind2="0"><subfield code="a">Calligraphy, Turkish</subfield><subfield code="v">Specimens.</subfield></datafield><datafield tag="700" ind1="0" ind2=" "><subfield code="a">Abdülhamid</subfield><subfield code="b">II,</subfield><subfield code="c">Sultan of the Turks,</subfield><subfield code="d">1842-1918,</subfield><subfield code="e">former owner.</subfield></datafield><datafield tag="773" ind1="0" ind2=" "><subfield code="a">Abdul Hamid Collection.</subfield></datafield><datafield tag="880" ind1="0" ind2="0"><subfield code="6">245-03/</subfield><subfield code="a">خطوط متنوعۀ اسلاميه البومى,</subfield><subfield code="f">[1006ه الى 1259ه، 1597م الى 1844م].</subfield></datafield><datafield tag="CID" ind1=" " ind2=" "><subfield code="a">006814659</subfield></datafield><datafield tag="DAT" ind1="0" ind2=" "><subfield code="a">20190815040338.0</subfield><subfield code="b">20190815000000.0</subfield></datafield><datafield tag="DAT" ind1="1" ind2=" "><subfield code="a">20190815090508.0</subfield><subfield code="b">2019-08-15T16:09:52Z</subfield></datafield><datafield tag="DAT" ind1="2" ind2=" "><subfield code="a">2018-03-10T19:00:02Z</subfield></datafield><datafield tag="CAT" ind1=" " ind2=" "><subfield code="a">SDR-MIU</subfield><subfield code="d">EX LIBRIS - ALEPH</subfield><subfield code="l">prepare.pl-004-008</subfield></datafield><datafield tag="FMT" ind1=" " ind2=" "><subfield code="a">BK</subfield></datafield><datafield tag="HOL" ind1=" " ind2=" "><subfield code="0">sdr-miu006814659</subfield><subfield code="a">MiU</subfield><subfield code="b">SDR</subfield><subfield code="c">MIU</subfield><subfield code="p">mdp.39015079129162</subfield><subfield code="s">MIU</subfield><subfield code="1">006814659</subfield></datafield><datafield tag="974" ind1=" " ind2=" "><subfield code="b">MIU</subfield><subfield code="c">MIU</subfield><subfield code="d">20190815</subfield><subfield code="s">lit-dlps-dc</subfield><subfield code="u">mdp.39015079129162</subfield><subfield code="y">1844</subfield><subfield code="r">pd</subfield><subfield code="q">bib</subfield><subfield code="t">non-US bib date2, date type m &lt; 1896</subfield></datafield></record></collection>